<?xml version="1.0" encoding="UTF-8"?>
<marc:collection xmlns:marc="http://www.loc.gov/MARC21/slim" xmlns:xsi="http://www.w3.org/2001/XMLSchema-instance" xsi:schemaLocation="http://www.loc.gov/MARC21/slim http://www.loc.gov/standards/marcxml/schema/MARC21slim.xsd">
   <marc:record type="Bibliographic">
      <marc:leader>01719cam a2200385Ia 4500</marc:leader>
      <marc:controlfield tag="001">6168455</marc:controlfield>
      <marc:controlfield tag="003">NjP</marc:controlfield>
      <marc:controlfield tag="005">20130613141555.0</marc:controlfield>
      <marc:controlfield tag="008">041101s1932    ua a          000 0 ara d</marc:controlfield>
      <marc:datafield tag="024" ind1="7" ind2=" ">
         <marc:subfield code="a">princeton_aco000817</marc:subfield>
         <marc:subfield code="2">local</marc:subfield>
      </marc:datafield>
      <marc:datafield tag="035" ind1=" " ind2=" ">
         <marc:subfield code="a">(OCoLC)ocn664759755</marc:subfield>
      </marc:datafield>
      <marc:datafield tag="035" ind1=" " ind2=" ">
         <marc:subfield code="a">(OCoLC)ocm58976728</marc:subfield>
      </marc:datafield>
      <marc:datafield tag="035" ind1=" " ind2=" ">
         <marc:subfield code="a">(OCoLC)58976728</marc:subfield>
      </marc:datafield>
      <marc:datafield tag="037" ind1=" " ind2=" ">
         <marc:subfield code="a">143-346</marc:subfield>
         <marc:subfield code="b">Sulaiman's Bookshop, Beirut, Lebanon, info@sulaimansbookshop.com</marc:subfield>
         <marc:subfield code="c">$140.00</marc:subfield>
      </marc:datafield>
      <marc:datafield tag="040" ind1=" " ind2=" ">
         <marc:subfield code="a">PUL</marc:subfield>
         <marc:subfield code="c">PUL</marc:subfield>
      </marc:datafield>
      <marc:datafield tag="035" ind1=" " ind2=" ">
         <marc:subfield code="a">(OCoLC)664759755</marc:subfield>
      </marc:datafield>
      <marc:datafield tag="050" ind1=" " ind2="4">
         <marc:subfield code="a">BP130.4</marc:subfield>
         <marc:subfield code="b">.J27</marc:subfield>
      </marc:datafield>
      <marc:datafield tag="079" ind1=" " ind2=" ">
         <marc:subfield code="a">ocn664759754</marc:subfield>
      </marc:datafield>
      <marc:datafield tag="049" ind1=" " ind2=" ">
         <marc:subfield code="a">PULL</marc:subfield>
      </marc:datafield>
      <marc:datafield tag="100" ind1="1" ind2=" ">
         <marc:subfield code="6">880-01</marc:subfield>
         <marc:subfield code="a">Jawharī, Ṭanṭāwī,</marc:subfield>
         <marc:subfield code="d">1862-1940.</marc:subfield>
      </marc:datafield>
      <marc:datafield tag="245" ind1="1" ind2="3">
         <marc:subfield code="6">880-02</marc:subfield>
         <marc:subfield code="a">al-Jawāhir fī tafsīr al-Qurʼan al-karīm /</marc:subfield>
         <marc:subfield code="c">taʼlīf Ṭanṭāwī Jawharī.</marc:subfield>
      </marc:datafield>
      <marc:datafield tag="250" ind1=" " ind2=" ">
         <marc:subfield code="6">880-03</marc:subfield>
         <marc:subfield code="a">al-Ṭabʻah 2.</marc:subfield>
      </marc:datafield>
      <marc:datafield tag="260" ind1=" " ind2=" ">
         <marc:subfield code="6">880-04</marc:subfield>
         <marc:subfield code="a">Miṣr :</marc:subfield>
         <marc:subfield code="b">Sharikat Maktabat wa-Maṭbaʻat Muṣṭafá al-Bābī al-Ḥalabī wa-Awlāduh,</marc:subfield>
         <marc:subfield code="c">1350 [1932].</marc:subfield>
      </marc:datafield>
      <marc:datafield tag="300" ind1=" " ind2=" ">
         <marc:subfield code="a">26 v. in 13 :</marc:subfield>
         <marc:subfield code="b">ill. ;</marc:subfield>
         <marc:subfield code="c">28 cm.</marc:subfield>
      </marc:datafield>
      <marc:datafield tag="500" ind1=" " ind2=" ">
         <marc:subfield code="a">Vol. 26: v. 1 of the author's Mulḥaq al-Jawāhir fī tafsīr al-Qurʼan al-karīm.</marc:subfield>
      </marc:datafield>
      <marc:datafield tag="630" ind1="0" ind2="0">
         <marc:subfield code="a">Qurʼan</marc:subfield>
         <marc:subfield code="v">Commentaries.</marc:subfield>
      </marc:datafield>
      <marc:datafield tag="630" ind1="0" ind2="0">
         <marc:subfield code="a">Qurʼan</marc:subfield>
         <marc:subfield code="x">Hermeneutics.</marc:subfield>
      </marc:datafield>
      <marc:datafield tag="740" ind1="0" ind2=" ">
         <marc:subfield code="6">880-05</marc:subfield>
         <marc:subfield code="a">Mulḥaq al-Jawāhir fī tafsīr al-Qurʼan al-karīm</marc:subfield>
      </marc:datafield>
      <marc:datafield tag="880" ind1="1" ind2=" ">
         <marc:subfield code="6">100-01/r</marc:subfield>
         <marc:subfield code="a">جوهري، طنطاوي،</marc:subfield>
         <marc:subfield code="d">1862-1940.</marc:subfield>
      </marc:datafield>
      <marc:datafield tag="880" ind1="1" ind2="2">
         <marc:subfield code="6">245-02/r</marc:subfield>
         <marc:subfield code="a">الجواهر في تفسير القرآن الكريم /</marc:subfield>
         <marc:subfield code="c">تٱليف طنطاوي جوهري.</marc:subfield>
      </marc:datafield>
      <marc:datafield tag="880" ind1=" " ind2=" ">
         <marc:subfield code="6">250-03/r</marc:subfield>
         <marc:subfield code="a">الطبعة 2.</marc:subfield>
      </marc:datafield>
      <marc:datafield tag="880" ind1=" " ind2=" ">
         <marc:subfield code="6">260-04/r</marc:subfield>
         <marc:subfield code="a">مصر :</marc:subfield>
         <marc:subfield code="b">شركة مكتبة ومطبعة مصطفى البابي الحلبي وولاده،</marc:subfield>
         <marc:subfield code="c">1350 [1932].</marc:subfield>
      </marc:datafield>
      <marc:datafield tag="880" ind1="0" ind2=" ">
         <marc:subfield code="6">740-05/r</marc:subfield>
         <marc:subfield code="a">ملحق الجواهر في تفسير القرأن الكريم</marc:subfield>
      </marc:datafield>
      <marc:datafield tag="904" ind1=" " ind2=" ">
         <marc:subfield code="a">ek</marc:subfield>
         <marc:subfield code="b">o</marc:subfield>
         <marc:subfield code="h">m</marc:subfield>
         <marc:subfield code="c">t</marc:subfield>
         <marc:subfield code="e">20100629</marc:subfield>
      </marc:datafield>
      <marc:datafield tag="994" ind1=" " ind2=" ">
         <marc:subfield code="a">C0</marc:subfield>
         <marc:subfield code="b">PUL</marc:subfield>
      </marc:datafield>
      <marc:datafield tag="999" ind1=" " ind2=" ">
         <marc:subfield code="a">6168455</marc:subfield>
      </marc:datafield>
      <marc:datafield tag="902" ind1=" " ind2=" ">
         <marc:subfield code="a">kc</marc:subfield>
         <marc:subfield code="b">o</marc:subfield>
         <marc:subfield code="6">a</marc:subfield>
         <marc:subfield code="7">m</marc:subfield>
         <marc:subfield code="d">v</marc:subfield>
         <marc:subfield code="f">13</marc:subfield>
         <marc:subfield code="e">20100921</marc:subfield>
      </marc:datafield>
   </marc:record>
</marc:collection>
